<?xml version="1.0" encoding="UTF-8"?><collection xmlns="http://www.loc.gov/MARC21/slim"><record><leader>00568nam--2200205-u-4500</leader><controlfield tag="001">000053319</controlfield><controlfield tag="002">20161230</controlfield><controlfield tag="005">20161230201051</controlfield><controlfield tag="008">110311s1000------------r-----000-0-eng-d</controlfield><datafield ind1=" " ind2=" " tag="020"><subfield code="a">0817640509</subfield></datafield><datafield ind1=" " ind2=" " tag="040"><subfield code="a">IFIN-HH</subfield></datafield><datafield ind1=" " ind2=" " tag="080"><subfield code="a">517.986.6:512.813</subfield></datafield><datafield ind1="1" ind2=" " tag="100"><subfield code="a">Thangavelu, Sundaram</subfield></datafield><datafield ind1="1" ind2="0" tag="245"><subfield code="a">Harmonic analysis on the heisenberg group</subfield><subfield code="c">Sundaram thangavelu</subfield></datafield><datafield ind1=" " ind2=" " tag="260"><subfield code="a">Boston</subfield><subfield code="b">Birkhauser</subfield><subfield code="c">1998</subfield></datafield><datafield ind1=" " ind2=" " tag="300"><subfield code="a">191P</subfield></datafield><datafield ind1=" " ind2=" " tag="490"><subfield code="a">Progress In Mathematics</subfield><subfield code="v">Vol. 159</subfield></datafield><datafield ind1=" " ind2="4" tag="650"><subfield code="a">Nilpotent Lie Groups</subfield></datafield><datafield ind1=" " ind2=" " tag="852"><subfield code="a">81389</subfield><subfield code="c">519.4/5</subfield></datafield><datafield ind1=" " ind2=" " tag="CAT"><subfield code="a">Sys</subfield><subfield code="c">20110311</subfield><subfield code="h">122032</subfield></datafield></record></collection>